<?xml version="1.0" encoding="UTF-8"?>
<collection xmlns="http://www.loc.gov/MARC21/slim" xmlns:xsi="http://www.w3.org/2001/XMLSchema-instance">
   <record>
      <leader>     nam a22     2a 4500</leader>
      <controlfield tag="FMT">BK</controlfield>
      <controlfield tag="001">000727418</controlfield>
      <controlfield tag="003">CZ PrAS</controlfield>
      <controlfield tag="005">20110617095226.0</controlfield>
      <controlfield tag="008">100103s1789    it     e      ||| ||ita d</controlfield>
      <datafield tag="040" ind1=" " ind2=" ">
         <subfield code="a">ABA007</subfield>
         <subfield code="b">cze</subfield>
         <subfield code="d">ABA007</subfield>
      </datafield>
      <datafield tag="041" ind1="0" ind2=" ">
         <subfield code="a">ita</subfield>
      </datafield>
      <datafield tag="044" ind1=" " ind2=" ">
         <subfield code="a">it</subfield>
      </datafield>
      <datafield tag="100" ind1="1" ind2=" ">
         <subfield code="a">Barbarotta, Luigi</subfield>
         <subfield code="4">aut</subfield>
      </datafield>
      <datafield tag="245" ind1="1" ind2="0">
         <subfield code="a">In occasione del viaggio aereo fatto in Napoli dal valorosissimo capitano Vincenzo Lunardi lucchese ... /</subfield>
         <subfield code="c">[Luigi Barbarotta].</subfield>
      </datafield>
      <datafield tag="260" ind1=" " ind2=" ">
         <subfield code="a">Napoli :</subfield>
         <subfield code="b">[s.n.],</subfield>
         <subfield code="c">1789.</subfield>
      </datafield>
      <datafield tag="300" ind1=" " ind2=" ">
         <subfield code="a">vii s. :</subfield>
         <subfield code="b">1 složená rytá tb.</subfield>
      </datafield>
      <datafield tag="599" ind1=" " ind2=" ">
         <subfield code="a">RETROKON11</subfield>
      </datafield>
      <datafield tag="903" ind1=" " ind2=" ">
         <subfield code="a">RP</subfield>
      </datafield>
      <datafield tag="910" ind1=" " ind2=" ">
         <subfield code="a">ABA007</subfield>
      </datafield>
      <datafield tag="ITM" ind1=" " ind2=" ">
         <subfield code="b">26007507771</subfield>
         <subfield code="c">TE 403</subfield>
         <subfield code="d"/>
         <subfield code="v"/>
         <subfield code="i"/>
         <subfield code="y"/>
      </datafield>
      <controlfield tag="SYS">000727418</controlfield>
   </record>