
   <record>
      <leader>     nam a22     2a 4500</leader>
      <controlfield tag="FMT">BK</controlfield>
      <controlfield tag="001">000806192</controlfield>
      <controlfield tag="003">CZ PrAS</controlfield>
      <controlfield tag="005">20120208104544.0</controlfield>
      <controlfield tag="008">100531s1812    it     e      ||| ||ita d</controlfield>
      <datafield tag="040" ind1=" " ind2=" ">
         <subfield code="a">ABA007</subfield>
         <subfield code="b">cze</subfield>
         <subfield code="d">ABA007</subfield>
      </datafield>
      <datafield tag="041" ind1="0" ind2=" ">
         <subfield code="a">ita</subfield>
      </datafield>
      <datafield tag="044" ind1=" " ind2=" ">
         <subfield code="a">it</subfield>
      </datafield>
      <datafield tag="245" ind1="0" ind2="0">
         <subfield code="a">Descrizione della nuova macchina aerostatica :</subfield>
         <subfield code="b">Ľ Esperienza da eseguirsi in Bologna nel settembre 1812.</subfield>
      </datafield>
      <datafield tag="260" ind1=" " ind2=" ">
         <subfield code="a">Bologna :</subfield>
         <subfield code="b">Marsigli,</subfield>
         <subfield code="c">1812.</subfield>
      </datafield>
      <datafield tag="300" ind1=" " ind2=" ">
         <subfield code="a">8. s. :</subfield>
         <subfield code="b">iii tb.</subfield>
      </datafield>
      <datafield tag="599" ind1=" " ind2=" ">
         <subfield code="a">RETROKON12</subfield>
      </datafield>
      <datafield tag="910" ind1=" " ind2=" ">
         <subfield code="a">ABA007</subfield>
      </datafield>
      <datafield tag="ITM" ind1=" " ind2=" ">
         <subfield code="b">26007507786</subfield>
         <subfield code="c">TE 418</subfield>
         <subfield code="d"/>
         <subfield code="v"/>
         <subfield code="i"/>
         <subfield code="y"/>
      </datafield>
      <controlfield tag="SYS">000806192</controlfield>
   </record>