
   <record>
      <leader>     nam a22     2a 4500</leader>
      <controlfield tag="FMT">BK</controlfield>
      <controlfield tag="001">001732308</controlfield>
      <controlfield tag="003">CZ PrAS</controlfield>
      <controlfield tag="005">20140203101459.0</controlfield>
      <controlfield tag="008">140203q17831784xx     e      ||| ||fre d</controlfield>
      <datafield tag="040" ind1=" " ind2=" ">
         <subfield code="a">ABA007</subfield>
         <subfield code="b">cze</subfield>
         <subfield code="d">ABA007</subfield>
      </datafield>
      <datafield tag="041" ind1="0" ind2=" ">
         <subfield code="a">fre</subfield>
      </datafield>
      <datafield tag="044" ind1=" " ind2=" ">
         <subfield code="a">xx</subfield>
      </datafield>
      <datafield tag="245" ind1="0" ind2="3">
         <subfield code="a">La Montgolfier :</subfield>
         <subfield code="b">pièce de musique, avec le texte.</subfield>
      </datafield>
      <datafield tag="260" ind1=" " ind2=" ">
         <subfield code="a">[S.l. :</subfield>
         <subfield code="b">s.n.],</subfield>
         <subfield code="c">[1783 nebo 1784].</subfield>
      </datafield>
      <datafield tag="300" ind1=" " ind2=" ">
         <subfield code="a">1 sv.</subfield>
      </datafield>
      <datafield tag="505" ind1="0" ind2=" ">
         <subfield code="a">Rytý dvojlist</subfield>
      </datafield>
      <datafield tag="599" ind1=" " ind2=" ">
         <subfield code="a">RETROKON14</subfield>
      </datafield>
      <datafield tag="903" ind1=" " ind2=" ">
         <subfield code="a">RP</subfield>
      </datafield>
      <datafield tag="910" ind1=" " ind2=" ">
         <subfield code="a">ABA007</subfield>
      </datafield>
      <datafield tag="ITM" ind1=" " ind2=" ">
         <subfield code="b">26007507749</subfield>
         <subfield code="c">TE 382</subfield>
         <subfield code="d"/>
         <subfield code="v"/>
         <subfield code="i"/>
         <subfield code="y"/>
      </datafield>
      <controlfield tag="SYS">001732308</controlfield>
   </record>