
   <record>
      <leader>     nam a22     2a 4500</leader>
      <controlfield tag="FMT">BK</controlfield>
      <controlfield tag="001">001745600</controlfield>
      <controlfield tag="003">CZ PrAS</controlfield>
      <controlfield tag="005">20140317102659.0</controlfield>
      <controlfield tag="008">140317s1827    it     e      ||| ||ita d</controlfield>
      <datafield tag="040" ind1=" " ind2=" ">
         <subfield code="a">ABA007</subfield>
         <subfield code="b">cze</subfield>
         <subfield code="d">ABA007</subfield>
      </datafield>
      <datafield tag="041" ind1="0" ind2=" ">
         <subfield code="a">ita</subfield>
      </datafield>
      <datafield tag="044" ind1=" " ind2=" ">
         <subfield code="a">it</subfield>
      </datafield>
      <datafield tag="100" ind1="1" ind2=" ">
         <subfield code="a">Orlandi, Francesco</subfield>
      </datafield>
      <datafield tag="245" ind1="1" ind2="0">
         <subfield code="a">Descrizione della macchina aerobatica costrutta /</subfield>
         <subfield code="c">F. Orlandi di Bologna.</subfield>
      </datafield>
      <datafield tag="260" ind1=" " ind2=" ">
         <subfield code="a">Milano :</subfield>
         <subfield code="b">Dova,</subfield>
         <subfield code="c">1827.</subfield>
      </datafield>
      <datafield tag="300" ind1=" " ind2=" ">
         <subfield code="a">15 s.</subfield>
      </datafield>
      <datafield tag="599" ind1=" " ind2=" ">
         <subfield code="a">RETROKON14</subfield>
      </datafield>
      <datafield tag="910" ind1=" " ind2=" ">
         <subfield code="a">ABA007</subfield>
      </datafield>
      <datafield tag="ITM" ind1=" " ind2=" ">
         <subfield code="b">26007507792</subfield>
         <subfield code="c">TE 424</subfield>
         <subfield code="d"/>
         <subfield code="v"/>
         <subfield code="i"/>
         <subfield code="y"/>
      </datafield>
      <controlfield tag="SYS">001745600</controlfield>
   </record>