
   <record>
      <leader>     nam a22     2a 4500</leader>
      <controlfield tag="FMT">BK</controlfield>
      <controlfield tag="001">001770435</controlfield>
      <controlfield tag="003">CZ PrAS</controlfield>
      <controlfield tag="005">20140520102948.0</controlfield>
      <controlfield tag="008">140520s1523    xr     e      ||| ||cze d</controlfield>
      <datafield tag="040" ind1=" " ind2=" ">
         <subfield code="a">ABA007</subfield>
         <subfield code="b">cze</subfield>
         <subfield code="d">ABA007</subfield>
      </datafield>
      <datafield tag="041" ind1="0" ind2=" ">
         <subfield code="a">cze</subfield>
      </datafield>
      <datafield tag="044" ind1=" " ind2=" ">
         <subfield code="a">xr</subfield>
      </datafield>
      <datafield tag="100" ind1="1" ind2=" ">
         <subfield code="a">Šúd ze Semanína, Mikuláš,</subfield>
         <subfield code="d">asi 1490-1557</subfield>
         <subfield code="7">ola2013795685</subfield>
      </datafield>
      <datafield tag="245" ind1="1" ind2="0">
         <subfield code="a">Pranostyka Mikulasse Zsuda Litomyskeho :</subfield>
         <subfield code="b">z Prahy Mistra ucženij Praskeho... /</subfield>
         <subfield code="c">M. Šúd ze Semanína.</subfield>
      </datafield>
      <datafield tag="260" ind1=" " ind2=" ">
         <subfield code="a">[Praha :</subfield>
         <subfield code="b">s.n.],</subfield>
         <subfield code="c">1523.</subfield>
      </datafield>
      <datafield tag="300" ind1=" " ind2=" ">
         <subfield code="a">12 l.</subfield>
      </datafield>
      <datafield tag="599" ind1=" " ind2=" ">
         <subfield code="a">RETROKON14</subfield>
      </datafield>
      <datafield tag="903" ind1=" " ind2=" ">
         <subfield code="a">RP</subfield>
      </datafield>
      <datafield tag="910" ind1=" " ind2=" ">
         <subfield code="a">ABA007</subfield>
      </datafield>
      <datafield tag="ITM" ind1=" " ind2=" ">
         <subfield code="b">26006338375</subfield>
         <subfield code="c">TG 1055</subfield>
         <subfield code="d"/>
         <subfield code="v"/>
         <subfield code="i"/>
         <subfield code="y"/>
      </datafield>
      <controlfield tag="SYS">001770435</controlfield>
   </record>