
   <record>
      <leader>     nam a22     2a 4500</leader>
      <controlfield tag="FMT">BK</controlfield>
      <controlfield tag="001">001820593</controlfield>
      <controlfield tag="003">CZ PrAS</controlfield>
      <controlfield tag="005">20141003090659.0</controlfield>
      <controlfield tag="008">140929s1803    it     e      ||| ||ita d</controlfield>
      <datafield tag="040" ind1=" " ind2=" ">
         <subfield code="a">ABA007</subfield>
         <subfield code="b">cze</subfield>
         <subfield code="d">ABA007</subfield>
      </datafield>
      <datafield tag="100" ind1="1" ind2=" ">
         <subfield code="a">Zambeccari, Francesco</subfield>
      </datafield>
      <datafield tag="245" ind1="1" ind2="0">
         <subfield code="a">Descrizione della macchina aerostatica del cittadino Francesco Zambeccari destinata a tentare il regolamento della medesima per l'Atmosfera /</subfield>
         <subfield code="c">F. Zambeccari.</subfield>
      </datafield>
      <datafield tag="260" ind1=" " ind2=" ">
         <subfield code="a">Bologna :</subfield>
         <subfield code="b">Fratelli Masi,</subfield>
         <subfield code="c">1803.</subfield>
      </datafield>
      <datafield tag="300" ind1=" " ind2=" ">
         <subfield code="a">32 s. :</subfield>
         <subfield code="b">3 slož. ryté tb.</subfield>
      </datafield>
      <datafield tag="599" ind1=" " ind2=" ">
         <subfield code="a">RETROKON14</subfield>
      </datafield>
      <datafield tag="910" ind1=" " ind2=" ">
         <subfield code="a">ABA007</subfield>
      </datafield>
      <datafield tag="ITM" ind1=" " ind2=" ">
         <subfield code="b">26007507779</subfield>
         <subfield code="c">TE 411</subfield>
         <subfield code="d"/>
         <subfield code="v"/>
         <subfield code="i"/>
         <subfield code="y"/>
      </datafield>
      <controlfield tag="SYS">001820593</controlfield>
   </record>