
   <record>
      <leader>     nam a22     2a 4500</leader>
      <controlfield tag="FMT">BK</controlfield>
      <controlfield tag="001">001855151</controlfield>
      <controlfield tag="003">CZ PrAS</controlfield>
      <controlfield tag="005">20150128110037.0</controlfield>
      <controlfield tag="008">150128s1767    au     e      ||| ||ger d</controlfield>
      <datafield tag="040" ind1=" " ind2=" ">
         <subfield code="a">ABA007</subfield>
         <subfield code="b">cze</subfield>
         <subfield code="d">ABA007</subfield>
      </datafield>
      <datafield tag="041" ind1="0" ind2=" ">
         <subfield code="a">ger</subfield>
      </datafield>
      <datafield tag="044" ind1=" " ind2=" ">
         <subfield code="a">au</subfield>
      </datafield>
      <datafield tag="100" ind1="1" ind2=" ">
         <subfield code="a">Wasserburger, Patricius,</subfield>
         <subfield code="d">1706-</subfield>
         <subfield code="7">mzk2011627897</subfield>
      </datafield>
      <datafield tag="245" ind1="1" ind2="4">
         <subfield code="a">Der segenannte...durch die...Hand des Michaëlis Rentz gestochene...Todetanz :</subfield>
         <subfield code="b">mit einigen Reimen und Versen versehen durch P. Wasserburger /</subfield>
         <subfield code="c">P. Wasserburger ; M.H. Rentz.</subfield>
      </datafield>
      <datafield tag="260" ind1=" " ind2=" ">
         <subfield code="a">Wien :</subfield>
         <subfield code="b">Edler von Trattnern,</subfield>
         <subfield code="c">1767.</subfield>
      </datafield>
      <datafield tag="300" ind1=" " ind2=" ">
         <subfield code="a">cvli l.</subfield>
      </datafield>
      <datafield tag="599" ind1=" " ind2=" ">
         <subfield code="a">RETROKON15</subfield>
      </datafield>
      <datafield tag="700" ind1="1" ind2=" ">
         <subfield code="a">Rentz, Michael Jindřich,</subfield>
         <subfield code="d">1698-1758</subfield>
         <subfield code="4">aut</subfield>
         <subfield code="7">jn20000728558</subfield>
      </datafield>
      <datafield tag="903" ind1=" " ind2=" ">
         <subfield code="a">RP</subfield>
      </datafield>
      <datafield tag="910" ind1=" " ind2=" ">
         <subfield code="a">ABA007</subfield>
      </datafield>
      <datafield tag="ITM" ind1=" " ind2=" ">
         <subfield code="b">26005306585</subfield>
         <subfield code="c">TG 4</subfield>
         <subfield code="d"/>
         <subfield code="v"/>
         <subfield code="i"/>
         <subfield code="y"/>
      </datafield>
      <controlfield tag="SYS">001855151</controlfield>
   </record>